@book{2013数学之英文写作,
  author={汤涛 and 丁玖},
  title={数学之英文写作},
  publisher={高等教育出版社},
  year={2013},
  address={北京},
}

@book{Nicholas1998Handbook,
  author={Nicholas J. Higham},
  title={Handbook of Writing for the Mathematical Sciences},
  publisher={Society for Industrial and Applied Mathematics},
  year={1998},
  address={Philadelphia},
}

@misc{Weisstein2019gp,
  howpublished={\url{http://mathworld.wolfram.com/GeometricSequence.html}},
  note={Accessed September 6, 2019},
  title={Geometric Sequence},
  author={Weisstein and Eric W.},
  year={2019},
}

@misc{Weisstein2019ap,
  howpublished={\url{http://mathworld.wolfram.com/ArithmeticProgression.html}},
  note={Accessed September 6, 2019},
  title={Arithmetic Progression},
  author={Weisstein and Eric W.},
  year={2019},
}

@misc{Dejan2018chessboard,
  howpublished={\url{https://purposefocuscommitment.com/the-rice-and-the-chess-board-story/}},
  note={Accessed November 25, 2018},
  title={THE RICE AND THE CHESSBOARD STORY --- THE POWER OF EXPONENTIAL GROWTH},
  author={Dejan},
  year={2018},
}

@Article{PER-GRA:2007,
  Author    = {P\'erez, Fernando and Granger, Brian E.},
  Title     = {{IP}ython: a System for Interactive Scientific Computing},
  Journal   = {Computing in Science and Engineering},
  Volume    = {9},
  Number    = {3},
  Pages     = {21--29},
  month     = {may},
  year      = {2007},
  url       = "https://ipython.org",
  ISSN      = "1521-9615",
  doi       = {10.1109/MCSE.2007.53},
  publisher = {IEEE Computer Society},
}

@misc{wiki:quadratic_equation,
  author = "{Wikipedia contributors}",
  title = "Quadratic equation --- {Wikipedia}{,} The Free Encyclopedia",
  year = "2019",
  howpublished = "\url{https://en.wikipedia.org/w/index.php?title=Quadratic_equation&oldid=929716375}",
  note = "[Online; accessed 15-December-2019]"
}

@misc{wiki:trajectory,
  author = "{Wikipedia contributors}",
  title = "Trajectory --- {Wikipedia}{,} The Free Encyclopedia",
  year = "2019",
  howpublished = "\url{https://en.wikipedia.org/w/index.php?title=Trajectory&oldid=929280103}",
  note = "[Online; accessed 15-December-2019]"
}

@misc{rhete2008angle,
  howpublished={\url{https://www.wired.com/2008/12/what-angle-should-you-throw-a-football-for-maximum-range/}},
  note={Accessed December 26, 2008},
  title={What angle should you throw a football for maximum range?},
  author={Rhett Allain},
  year={2008},
}

@misc{wiki:projectile_motion,
  author = "{Wikipedia contributors}",
  title = "Projectile motion --- {Wikipedia}{,} The Free Encyclopedia",
  year = "2019",
  howpublished = "\url{https://en.wikipedia.org/w/index.php?title=Projectile_motion&oldid=928426750}",
  note = "[Online; accessed 15-December-2019]"
}