@article{data,
	year={2013},
	issn={2192-6352},
	journal={Progress in Artificial Intelligence},
	doi={10.1007/s13748-013-0040-3},
	title={Event labeling combining ensemble detectors and background knowledge},
	url={http://dx.doi.org/10.1007/s13748-013-0040-3},
	publisher={Springer Berlin Heidelberg},
	keywords={Event labeling; Event detection; Ensemble learning; Background knowledge},
	author={Fanaee-T, Hadi and Gama, Joao},
	pages={1-15}
}

@article{scikit-learn,
	title={Scikit-learn: Machine Learning in {P}ython},
	author={Pedregosa, F. and Varoquaux, G. and Gramfort, A. and Michel, V. and Thirion, B. and Grisel, O. and Blondel, M. and Prettenhofer, P. and Weiss, R. and Dubourg, V. and Vanderplas, J. and Passos, A. and Cournapeau, D. and Brucher, M. and Perrot, M. and Duchesnay, E.},
	journal={Journal of Machine Learning Research},
	volume={12},
	pages={2825--2830},
	year={2011}
}

@article{杨洋2016打的软件,
	year={2016},
	title={``打的软件''对出租车司机行为决策及运营绩效的影响研究---技术效率与配置效率的双重视角},
	publisher={浙江大学},
	author={杨洋},
}

@article{云亮2015枢纽里站,
	year={2015},
	title={枢纽里站出租车休假排队系统服务台数优化模型},
	publisher={长安大学学报},
	author={云亮 and 罗孝羚 and 蒋阳升 and 陈坚},
}

@article{魏中华2017基于排队论,
	year={2017},
	title={基于排队论的枢纽内出租车上客区服务台优化},
	publisher={交通工程},
	author={魏中华 and 王琳 and 邱实},
}

@article{孙宝芸2015高速公路,
	year={2015},
	title={高速公路停车收费系统中排队模型的比较分析},
	publisher={公路交通科技（应用技术版）},
	author={孙宝芸 and 张悦 and 张丽萍},
}

@mastersthesis{李强2011出租车智能管理系统,
    author={李强},
    title={出租车智能管理系统},
    school={兰州理工大学},
    year={2011},
    type={硕士论文},
    month={8},
}

@mastersthesis{车勇2008基于多人合乘模式的出租车智能调度管理系统设计与研究,
    author={车勇},
    title={基于多人合乘模式的出租车智能调度管理系统设计与研究},
    school={同济大学;同济大学软件学院},
    year={2008},
    type={硕士论文},
    month={9},
}

@misc{Weisstein2019monte,
  howpublished={\url{http://mathworld.wolfram.com/MonteCarloMethod.html}},
  note={Accessed September 6, 2019},
  title={Monte Carlo Method},
  author={Weisstein and Eric W.},
  year={2019},
}

@misc{modood2018administrative,
  howpublished={\url{https://github.com/modood/Administrative-divisions-of-China}},
  note={Accessed October 32, 2018},
  title={Administrative-divisions-of-China},
  author={modood},
  year={2018},
}

@misc{Pentadiine2019机场,
  howpublished={\url{https://baike.baidu.com/item/机场/74273}},
  note={Accessed September 24, 2019},
  title={机场（搭乘空中交通及供飞机起降的设施）},
  author={Pentadiine},
  year={2019},
}

@misc{wou2018跑道容量,
  howpublished={\url{https://baike.baidu.com/item/跑道容量/5320286}},
  note={Accessed July 19, 2018},
  title={跑道容量},
  author={w\_ou},
  year={2018},
}
