@misc{characteristics2014watt,
  howpublished={\url{https://opentextbc.ca/dbdesign01/chapter/chapter-3-characteristics-and-benefits-of-a-database/}},
  note={Accessed August 24, 2014},
  title={Chapter 3 Characteristics and Benefits of a Database},
  author={Adrienne Watt},
  year={2014},
}

@misc{advantages2018castro,
  howpublished={\url{https://www.tutorialspoint.com/Advantages-of-Database-Management-System}},
  note={Accessed July 25, 2018},
  title={Advantages of Database Management System},
  author={Kristi Castro},
  year={2018},
}

@misc{btree2017zhang,
  howpublished={\url{https://www.cnblogs.com/vianzhang/p/7922426.html}},
  note={Accessed November 29, 2017},
  title={BTree 和 B+Tree 详解},
  author={vianzhang},
  year={2017},
}

@misc{python2010rees,
  howpublished={\url{https://stackoverflow.com/questions/4279358/pythons-underlying-hash-data-structure-for-dictionaries}},
  note={Accessed November 25, 2010},
  title={Python's underlying hash data structure for dictionaries},
  author={Gareth Rees},
  year={2010},
}

@misc{transaction2020oracle,
  howpublished={\url{https://docs.oracle.com/cd/B19306_01/server.102/b14220/transact.htm}},
  note={Accessed March 29, 2020},
  title={Transaction Management},
  author={Oracle Help Center},
  year={2020},
}

@misc{sqlalchemy2020sqlalchemy,
  howpublished={\url{https://www.sqlalchemy.org/}},
  note={Accessed March 11, 2020},
  title={The Python SQL Toolkit and Object Relational Mapper},
  author={SQLAlchemy authors and contributors},
  year={2020},
}
