@misc{wiki2019instrumental_rationality,
    author = "{Wikipedia contributors}",
    title = "Instrumental and value rationality --- {Wikipedia}{,} The Free Encyclopedia",
    year = "2019",
    url = "https://en.wikipedia.org/w/index.php?title=Instrumental_and_value_rationality&oldid=931868847",
    note = "[Online; accessed 26-December-2019]"
}

@book{1988理解的命运,
    title = {理解的命运: 解释学初论},
    lccn = {90140141},
    series = {研究者丛书},
    url = "https://books.google.com/books?id=RhcjAAAAMAAJ",
    year = {1988},
    publisher = {生活・讀書・新知三联书店}
}

@misc{wiki2018文后参考文献著录规则,
    author = "维基百科",
    title = "文后参考文献著录规则 --- 维基百科{,} 自由的百科全书",
    year = "2018",
    url = "https://zh.wikipedia.org/w/index.php?title=文后参考文献著录规则&oldid=50232280",
    note = "[Online; accessed 3-July-2018]"
}

@misc{liu2019chinese,
    author = "{Tunghsiao Liu}",
    title = "Chinese Copywriting Guidelines for Better Written Communication",
    year = "2019",
    howpublished = "\url{https://github.com/sparanoid/chinese-copywriting-guidelines}",
    note = "[Online; accessed 14-September-2019]"
}

@misc{latex2019website,
    author = "{LaTeX3 Project Team}",
    title = "The \LaTeX\ Project",
    year = "2019",
    howpublished = "\url{https://www.latex-project.org/}",
    note = "[Online; accessed 27-December-2019]"
}

@misc{rossum2013pep,
    author = "{Guido van Rossum, Barry Warsaw, Nick Coghlan}",
    title = "PEP 8 --- Style Guide for Python Code",
    year = "2013",
    howpublished = "\url{https://www.python.org/dev/peps/pep-0008/}",
    note = "[Online; accessed 1-Aug-2013]"
}

@misc{wiki2019wqy,
    author = "维基百科",
    title = "文泉驿 --- 维基百科{,} 自由的百科全书",
    year = "2018",
    url = "\url{https://zh.wikipedia.org/w/index.php?title=文泉驿&oldid=51240730}",
    note = "[Online; accessed 11-September-2018]"
}

@misc{wiki2019garamond,
    author = "{Wikipedia contributors}",
    title = "Garamond --- {Wikipedia}{,} The Free Encyclopedia",
    year = "2019",
    howpublished = "\url{https://en.wikipedia.org/w/index.php?title=Garamond&oldid=927522007}",
    note = "[Online; accessed 26-December-2019]"
}

@misc{wiki2019wikipedia,
    author = "{Wikipedia contributors}",
    title = "Wikipedia --- {Wikipedia}{,} The Free Encyclopedia",
    year = "2019",
    howpublished = "\url{https://en.wikipedia.org/w/index.php?title=Wikipedia&oldid=932398845}",
    note = "[Online; accessed 26-December-2019]"
}

@misc{wiki2019mit,
    author = "{Wikipedia contributors}",
    title = "MIT License --- {Wikipedia}{,} The Free Encyclopedia",
    year = "2019",
    howpublished = "\url{https://en.wikipedia.org/w/index.php?title=MIT_License&oldid=932455031}",
    note = "[Online; accessed 26-December-2019]"
}

@misc{liu2017现代性,
    author = "{刘柯}",
    title = "什么是「现代性」？你如何理解「现代性」？",
    year = "2017",
    howpublished = "\url{https://www.zhihu.com/question/24418080}",
    note = "[Online; accessed 6-July-2019]"
}

@misc{sun2019jieba,
    author = "{Junyi Sun}",
    title = "结巴中文分词",
    year = "2019",
    howpublished = "\url{https://github.com/fxsjy/jieba}",
    note = "[Online; accessed 26-December-2019]"
}

@misc{mba2019工具理性,
    author = "{MBA智库百科}",
    title = "工具理性",
    year = "2019",
    url = "\url{https://wiki.mbalib.com/wiki/工具理性}",
    note = "[Online; accessed 20-May-2019]"
}

@misc{wiki2019王鼎钧,
    author = "维基百科",
    title = "王鼎鈞 --- 维基百科{,} 自由的百科全书",
    year = "2019",
    url = "\url{https://zh.wikipedia.org/w/index.php?title=王鼎鈞&oldid=56786069}",
    note = "[Online; accessed 7-November-2019]"
}
